<record><leader>00000cas a2200000 a 4500</leader><controlfield tag="001">12268249</controlfield><controlfield tag="008">850716d18871889ksuwr ne      0    0eng d</controlfield><datafield ind1=" " ind2=" " tag="010"><subfield code="a">sn 85029447 </subfield></datafield><datafield ind1=" " ind2=" " tag="040"><subfield code="a">KSH</subfield><subfield code="b">eng</subfield><subfield code="c">KSH</subfield><subfield code="d">NPT</subfield><subfield code="d">OCL</subfield><subfield code="d">OCLCQ</subfield></datafield><datafield ind1=" " ind2=" " tag="042"><subfield code="a">msc</subfield></datafield><datafield ind1="0" ind2="0" tag="245"><subfield code="a">Osborne County journal.</subfield></datafield><datafield ind1=" " ind2=" " tag="260"><subfield code="a">Osborne, Kan. :</subfield><subfield code="b">F.H. Barnhart,</subfield><subfield code="c">1887-1889.</subfield></datafield><datafield ind1=" " ind2=" " tag="300"><subfield code="a">2 v. :</subfield><subfield code="b">ill. ;</subfield><subfield code="c">55 cm.</subfield></datafield><datafield ind1=" " ind2=" " tag="310"><subfield code="a">Weekly</subfield></datafield><datafield ind1="0" ind2=" " tag="362"><subfield code="a">Vol. 1, no. 38 (July 27, 1887)-v. 4, no. 8 (Dec. 25, 1889).</subfield></datafield><datafield ind1=" " ind2=" " tag="500"><subfield code="a">Published by: Barnhart &amp; Eckman, Jan. 4, 1888-Oct. 23, 1889; F.H. Barnhart, Oct. 30-Dec. 25, 1889.</subfield></datafield><datafield ind1=" " ind2=" " tag="500"><subfield code="a">"Republican."</subfield></datafield><datafield ind1=" " ind2=" " tag="752"><subfield code="a">United States</subfield><subfield code="b">Kansas</subfield><subfield code="c">Osborne</subfield><subfield code="d">Osborne.</subfield></datafield><datafield ind1="0" ind2="0" tag="780"><subfield code="t">Osborne journal (Osborne, Kan. : 1886)</subfield><subfield code="w">(DLC)sn 85029451</subfield></datafield><datafield ind1="0" ind2="4" tag="785"><subfield code="t">Osborne County farmer (Osborne, Kan. : 1876)</subfield><subfield code="w">(DLC)sn 85029454</subfield></datafield></record>